%%%%%%%%%%%%%%%%%%%%%%%%%%%%% Journal Papers    %%%%%%%%%%%%%%%%%%%%%%%%%%%%%%%%
%%%%%%%%%%%%%%%%%%%%%%%%%%%%% Texbook Chapters  %%%%%%%%%%%%%%%%%%%%%%%%%%%%%%%%
%%%%%%%%%%%%%%%%%%%%%%%%%%%%% Conference Papers %%%%%%%%%%%%%%%%%%%%%%%%%%%%%%%%